<record xmlns="http://www.loc.gov/MARC21/slim" xmlns:xsi="http://www.w3.org/2001/XMLSchema-instance" xsi:schemaLocation="http://www.loc.gov/MARC21/slim http://www.loc.gov/standards/marcxml/schema/MARC21slim.xsd"><leader>     nam a22        4500</leader><controlfield tag="001">001708731</controlfield><controlfield tag="003">NNU</controlfield><controlfield tag="006">m        d        </controlfield><controlfield tag="007">cr cn |||m|||a</controlfield><controlfield tag="008">150313s1928    ir      o     000 0 ara d</controlfield><datafield ind1=" " ind2=" " tag="040"><subfield code="a">NNU</subfield><subfield code="b">eng</subfield><subfield code="c">NNU</subfield></datafield><datafield ind1=" " ind2="4" tag="050"><subfield code="a">PJ7862.H6</subfield><subfield code="b">N3</subfield></datafield><datafield ind1=" " ind2=" " tag="066"><subfield code="c">(3</subfield></datafield><datafield ind1=" " ind2=" " tag="090"><subfield code="a">PJ7862.H6</subfield><subfield code="b">N3</subfield></datafield><datafield ind1="1" ind2=" " tag="100"><subfield code="6">880-01</subfield><subfield code="a">Shirw&#257;n&#299;, A&#7717;mad ibn Mu&#7717;ammad,</subfield><subfield code="d">d. 1837 or 8</subfield></datafield><datafield ind1="1" ind2="0" tag="240"><subfield code="a">Naf&#7717;at al-Yaman f&#299;-m&#257; yaz&#363;l&#363; bi-dhikrihi al-shajan.</subfield><subfield code="l">Arabic &amp; Persian</subfield></datafield><datafield ind1="1" ind2="0" tag="245"><subfield code="6">880-02</subfield><subfield code="a">Naf&#7717;at al-Yaman f&#299;-m&#257; yaz&#363;lu bi-dhikrihi al-shajan</subfield><subfield code="h">[electronic resource].</subfield></datafield><datafield ind1=" " ind2=" " tag="260"><subfield code="6">880-03</subfield><subfield code="a">[Tehran?] :</subfield><subfield code="b">Ma&#7789;ba&#699;ah-i Ust&#257;d Sal&#299;m,</subfield><subfield code="c">1346 [1928]</subfield></datafield><datafield ind1=" " ind2=" " tag="300"><subfield code="a">online resource (322 p.)</subfield></datafield><datafield ind1=" " ind2=" " tag="500"><subfield code="a">Caption title.</subfield></datafield><datafield ind1=" " ind2=" " tag="500"><subfield code="a">On the margins: Persian translation by &#699;Abd al-Kar&#299;m &#7716;&#257;j&#299; &#256;q&#257;.</subfield></datafield><datafield ind1=" " ind2=" " tag="500"><subfield code="a">Part of the Arabic Collections Online (ACO) project, contributed by New York Univeristy Libraries.</subfield></datafield><datafield ind1=" " ind2=" " tag="533"><subfield code="a">Electronic reproduction.</subfield><subfield code="b">New York, N.Y. :</subfield><subfield code="c">New York University,</subfield><subfield code="d">2015.</subfield><subfield code="5">NNU</subfield></datafield><datafield ind1="2" ind2=" " tag="710"><subfield code="a">New York University.</subfield><subfield code="b">Libraries.</subfield></datafield><datafield ind1="0" ind2=" " tag="730"><subfield code="a">Arabic Collections Online.</subfield></datafield><datafield ind1="0" ind2="8" tag="776"><subfield code="i">Print version:</subfield><subfield code="a">Shirw&#257;n&#299;, A&#7717;mad ibn Mu&#7717;ammad, d. 1837 or 8 880-01</subfield><subfield code="t">Naf&#7717;at al-Yaman f&#299;-m&#257; yaz&#363;lu bi-dhikrihi al-shajan</subfield><subfield code="w">(NNU)001708731</subfield></datafield><datafield ind1="4" ind2="0" tag="856"><subfield code="u">http://hdl.handle.net/2333.1/bk3j9nrt</subfield></datafield><datafield ind1="1" ind2=" " tag="880"><subfield code="6">100-01/</subfield><subfield code="a">&#1588;&#1585;&#1608;&#1575;&#1606;&#1610;&#1548; &#1571;&#1581;&#1605;&#1583; &#1576;&#1606; &#1605;&#1581;&#1605;&#1583;.</subfield></datafield><datafield ind1="1" ind2="0" tag="880"><subfield code="6">245-02/</subfield><subfield code="a">&#1606;&#1601;&#1581;&#1577; &#1575;&#1604;&#1610;&#1605;&#1606; &#1601;&#1610;&#1605;&#1575; &#1610;&#1586;&#1608;&#1604;&#1608; &#1576;&#1584;&#1603;&#1585;&#1607; &#1575;&#1604;&#1588;&#1580;&#1606;.</subfield></datafield><datafield ind1=" " ind2=" " tag="880"><subfield code="6">260-03/</subfield><subfield code="a">[Tehran?] :</subfield><subfield code="b">&#1605;&#1591;&#1576;&#1593;&#1577; &#1575;&#1587;&#1578;&#1575;&#1583; &#1587;&#1604;&#1610;&#1605;&#1548;</subfield><subfield code="c">&#1633;&#1635;&#1636;&#1638;.</subfield></datafield><datafield ind1=" " ind2=" " tag="959"><subfield code="a">NNU</subfield><subfield code="b">WEB</subfield><subfield code="c">GENI</subfield><subfield code="t">0</subfield><subfield code="m">Electronic access</subfield><subfield code="s">01</subfield></datafield><datafield ind1=" " ind2=" " tag="999"><subfield code="i">NNU_001708731</subfield><subfield code="s">nyu_aco000566</subfield><subfield code="e">(ERROR-880)</subfield></datafield></record>